@article{beskos2013optimal-hmc,
	author = "Beskos, Alexandros and Pillai, Natesh and Roberts, Gareth and Sanz-Serna, Jesus-Maria and Stuart, Andrew",
	journal = "Bernoulli",
	month = "11",
	number = "5A",
	pages = "1501--1534",
	publisher = "Bernoulli Society for Mathematical Statistics and Probability",
	title = "Optimal tuning of the hybrid {M}onte {C}arlo algorithm",
	volume = "19",
	year = "2013"
}

@article{betancourt2014hmc-stepsize,
  title={Optimizing the integrator step size for {H}amiltonian {M}onte {C}arlo},
  author={Betancourt, Michael and Byrne, Simon and Girolami, Mark},
  journal={ar{X}iv:1411.6669},
  year={2014},
}